@book{ierusalimschy_lua_2006,
	address = {Rio de Janeiro},
	title = {Lua 5.1 reference manual},
	isbn = {8590379833  : 9788590379836},
	language = {English},
	publisher = {Lua.org},
	author = {Ierusalimschy, Roberto and Figueiredo, Luiz Henrique de and Celes, Waldemar},
	year = {2006}
},

@misc{dorigo_swarm_2007,
	title = {Swarm Intelligence},
	url = {http://www.scholarpedia.org/article/Swarm_Intelligence},
	journal = {Scholarpedia},
	author = {Dorigo, Marco},
	month = oct,
	year = {2007},
	pages = {5}
},

@incollection{mehlhorn_shortest_2008,
	title = {Shortest Paths},
	copyright = {©2008 Springer-Verlag Berlin Heidelberg},
	isbn = {978-3-540-77977-3, 978-3-540-77978-0},
	url = {http://link.springer.com/chapter/10.1007/978-3-540-77978-0_10},
	language = {en},
	urldate = {2013-10-29},
	booktitle = {Algorithms and Data Structures},
	publisher = {Springer Berlin Heidelberg},
	author = {Mehlhorn, Kurt and Sanders, Peter},
	month = jan,
	year = {2008},
	keywords = {Algorithm Analysis and Problem Complexity, Computing Methodologies, Data Structures},
	pages = {191--215}
	},

@incollection{mehlhorn_graph_2008,
	title = {Graph Traversal},
	copyright = {©2008 Springer-Verlag Berlin Heidelberg},
	isbn = {978-3-540-77977-3, 978-3-540-77978-0},
	url = {http://link.springer.com/chapter/10.1007/978-3-540-77978-0_9},
	abstract = {Suppose you are working in the traffic planning department of a town with a nice medieval center. An unholy coalition of shop owners, who want more street-side parking, and the Green Party, which wants to discourage car traffic altogether, has decided to turn most streets into one-way streets. You want to avoid the worst by checking whether the current plan maintains the minimal requirement that one can still drive from every point in town to every other point.},
	language = {en},
	urldate = {2013-10-29},
	booktitle = {Algorithms and Data Structures},
	publisher = {Springer Berlin Heidelberg},
	author = {Mehlhorn, Kurt and Sanders, Peter},
	month = jan,
	year = {2008},
	keywords = {Algorithm Analysis and Problem Complexity, Computing Methodologies, Data Structures},
	pages = {175--189}
},

@article{compC++,
	title = {Langage C++},
	volume = {base documentaire : {TIB304DUO.}},
	url = {http://www.techniques-ingenieur.fr/base-documentaire/technologies-de-l-information-th9/langages-de-programmation-42304210/langage-c-h3078/},
	number = {ref. article : h3078},
	journal = {Techniques de l'ingénieur Langages de programmation},
	author = {{SERRANO}, Manuel},
	year = {2013},
	note = {fre}
},

@techreport{c.pinciroli_v.trianni_r.ogrady_g.pini_a.brutschy_argos:_2010,
	title = {{ARGoS:} a Pluggable, Multi-Physics Engine Simulator for Heterogeneous Swarm Robotics},
	lccn = {ISSN 1781-3794},
	number = {Technical Report No. {TR/IRIDIA/2010-026}},
	institution = {{IRIDIA}, Institut de Recherches Interdisciplinaires et de Développements en Intelligence Artificielle Université Libre de Bruxelles Av F. D. Roosevelt 50, {CP} 194/6 1050 Bruxelles, Belgium},
	author = {{{C.Pinciroli}, {V.Trianni}, {R.O’Grady}, {G.Pini}, {A.Brutschy}} and {{M.Brambilla}, {N.Mathews}, {E.Ferrante}, {G.Di} Caro} and {{F.Ducatelle}, {T.Stirling}, {A.Gutiérrez}} and {{L.M.Gambardella} and {M.Dorigo}}},
	month = dec,
	year = {2010}
},

@incollection{patnaik_program_2007,
	series = {Cognitive Technologies},
	title = {Program for Wandering Within the Workspace},
	copyright = {©2007 Springer},
	isbn = {978-3-540-23446-3, 978-3-540-68916-4},
	url = {http://link.springer.com/chapter/10.1007/978-3-540-68916-4_10},
	urldate = {2013-10-14},
	booktitle = {Robot Cognition and Navigation},
	publisher = {Springer Berlin Heidelberg},
	author = {Patnaik, Srikanta},
	month = jan,
	year = {2007},
	keywords = {Artificial Intelligence (incl. Robotics), Computer Imaging, Vision, Pattern Recognition and Graphics, Image Processing and Computer Vision, Pattern Recognition, Signal, Image and Speech Processing, Simulation and Modeling},
	pages = {163--173}
},

@book{meca,
	address = {Bruxelles},
	edition = {5ème},
	title = {Mécanique rationelle {II}},
	publisher = {Presses Universitaire de Bruxelles},
	author = {Lambert, Pierre and Delchambre, Alain},
	year = {2006}
},

@incollection{robertazzi_fundamental_2007,
	series = {Information Technology: Transmission, Processing, and Storage},
	title = {Fundamental Deterministic Algorithms},
	copyright = {©2007 Springer {Science+Business} Media, {LLC}},
	isbn = {978-0-387-36758-3, 978-0-387-68235-8},
	url = {http://link.springer.com/chapter/10.1007/978-0-387-68235-8_4},
	urldate = {2013-10-31},
	booktitle = {Networks and Grids Technology and Theory},
	publisher = {Springer New York},
	author = {Robertazzi, Thomas G.},
	month = jan,
	year = {2007},
	keywords = {Applications of Mathematics, Communications Engineering, Networks, Computer Communication Networks, System Performance and Evaluation},
	pages = {161--191}
},

@incollection{patnaik_path_2007,
	series = {Cognitive Technologies},
	title = {Path Planning},
	copyright = {©2007 Springer},
	isbn = {978-3-540-23446-3, 978-3-540-68916-4},
	url = {http://link.springer.com/chapter/10.1007/978-3-540-68916-4_3},
	urldate = {2013-10-14},
	booktitle = {Robot Cognition and Navigation},
	publisher = {Springer Berlin Heidelberg},
	author = {Patnaik, Srikanta},
	month = jan,
	year = {2007},
	keywords = {Artificial Intelligence (incl. Robotics), Computer Imaging, Vision, Pattern Recognition and Graphics, Image Processing and Computer Vision, Pattern Recognition, Signal, Image and Speech Processing, Simulation and Modeling},
	pages = {39--58}
},

@article{compLua,
	title = {Langages de scripts},
	volume = {base documentaire : {TIB304DUO.}},
	url = {http://www.techniques-ingenieur.fr/base-documentaire/technologies-de-l-information-th9/langages-de-programmation-42304210/langages-de-scripts-h3118/},
	abstract = {Les langages de scripts connaissent un succès certain et les plus connus d’entre eux sont très présents sur {l’Internet} et dans les discussions d'informaticiens. Cet article propose de caractériser les langages de scripts, en en donnant une perspective historique et en examinant leurs caractéristiques communes. Les langages actuels ont en effet des racines communes qui permettent de mieux comprendre la logique qui les sous-{tend.L’article} présente aussi quelques-uns des langages de scripts les plus connus, donnant à la fois leurs grands traits, leurs particularités, et les illustrant par des exemples.},
	number = {ref. article : h3118},
	journal = {Techniques de l'ingénieur Langages de programmation},
	author = {{MAUNY}, Michel},
	year = {2013},
	note = {fre}
},

@incollection{patnaik_navigation_2007,
	series = {Cognitive Technologies},
	title = {Navigation Using a Genetic Algorithm},
	copyright = {©2007 Springer},
	isbn = {978-3-540-23446-3, 978-3-540-68916-4},
	url = {http://link.springer.com/chapter/10.1007/978-3-540-68916-4_4},
	urldate = {2013-10-14},
	booktitle = {Robot Cognition and Navigation},
	publisher = {Springer Berlin Heidelberg},
	author = {Patnaik, Srikanta},
	month = jan,
	year = {2007},
	keywords = {Artificial Intelligence (incl. Robotics), Computer Imaging, Vision, Pattern Recognition and Graphics, Image Processing and Computer Vision, Pattern Recognition, Signal, Image and Speech Processing, Simulation and Modeling},
	pages = {59--76}
}

@misc{wikiA*,
  title = {A* search algorithm From Wikipedia, the Free Encyclopedia},
  copyright = {Creative Commons Attribution-{ShareAlike} License},
  url = {http://en.wikipedia.org/w/index.php?title=A*_search_algorithm&oldid=579529277},
  abstract = {In computer science, A* (pronounced {"A} star" ( listen)) is a computer algorithm that is widely used in pathfinding and graph traversal, the process of plotting an efficiently traversable path between points, called nodes. Noted for its performance and accuracy, it enjoys widespread use. (However, in practical travel-routing systems, it is generally outperformed by algorithms which can pre-process the graph to attain better performance.[1])},
  language = {en},
  urldate = {2013-11-01},
  journal = {Wikipedia, the free encyclopedia},
  month = oct,
  year = {2013},
  note = {Page Version {ID:} 579529277}
},

@misc{wikiDijkstra,
  title = {Algorithme de Dijkstra From Wikipedia, the Free Encyclopedia},
  copyright = {Creative Commons Attribution-{ShareAlike} License},
  url = {http://fr.wikipedia.org/w/index.php?title=Algorithme_de_Dijkstra&oldid=98428897},
  abstract = {En théorie des graphes, l'algorithme de Dijkstra (prononcer [dɛj.kstra]) sert à résoudre le problème du plus court chemin. Il permet, par exemple, de déterminer le plus court chemin pour se rendre d'une ville à une autre connaissant le réseau routier d'une région. Il s'applique à un graphe connexe dont le poids lié aux arêtes est un réel positif.},
  language = {fr},
  urldate = {2013-12-09},
  journal = {Wikipédia},
  month = dec,
  year = {2013},
  note = {Page Version {ID:} 98428897}
},

@misc{cahierCharges,
  title = {Cahier des Charges Project {BA} 2 – Robots en essaim : explorez !},
  month = oct,
  year = {2013}
},

@book{AIBrique,
  address = {Upper Saddle River, {NJ}},
  title = {Artificial intelligence: a modern approach},
  isbn = {9780136042594 0136042597 9780132071482  0132071487},
  shorttitle = {Artificial intelligence},
  abstract = {In this third edition, the authors have updated the treatment of all major areas. A new organizing principle--the representational dimension of atomic, factored, and structured models--has been added. Significant new material has been provided in areas such as partially observable search, contingency planning, hierarchical planning, relational and first-order probability models, regularization and loss functions in machine learning, kernel methods, Web search engines, information extraction, and learning in vision and robotics. The book also includes hundreds of new exercises.},
  language = {English},
  publisher = {Prentice Hall},
  author = {Russell, Stuart J and Norvig, Peter and Davis, Ernest},
  year = {2010}
},

@misc{wikiFourmi,
  title = {Algorithme de colonies de fourmis From Wikipedia, the Free Encyclopedia},
  copyright = {Creative Commons Attribution-{ShareAlike} License},
  url = {http://fr.wikipedia.org/w/index.php?title=Algorithme_de_colonies_de_fourmis&oldid=98616505},
  abstract = {Les algorithmes de colonies de fourmis sont des algorithmes inspirés du comportement des fourmis et qui constituent une famille de métaheuristiques d’optimisation.},
  language = {fr},
  urldate = {2013-12-01},
  journal = {Wikipédia},
  month = nov,
  year = {2013},
  note = {Page Version {ID:} 98616505}
},

@incollection{communicationFourmis,
  series = {Lecture Notes in Computer Science},
  title = {Evolution of Direct Communication for a Swarm-bot Performing Hole Avoidance},
  copyright = {©2004 Springer-Verlag Berlin Heidelberg},
  isbn = {978-3-540-22672-7, 978-3-540-28646-2},
  url = {http://link.springer.com/chapter/10.1007/978-3-540-28646-2_12},
  number = {3172},
  urldate = {2013-10-28},
  booktitle = {Ant Colony Optimization and Swarm Intelligence},
  publisher = {Springer Berlin Heidelberg},
  author = {Trianni, Vito and Labella, Thomas H. and Dorigo, Marco},
  editor = {Dorigo, Marco and Birattari, Mauro and Blum, Christian and Gambardella, Luca Maria and Mondada, Francesco and Stützle, Thomas},
  month = jan,
  year = {2004},
  keywords = {Algorithm Analysis and Problem Complexity, Artificial Intelligence (incl. Robotics), communication, Computation by Abstract Devices, Computer Communication Networks, Discrete Mathematics in Computer Science, evolutionary robotics, Numeric Computing, swarm robotics},
  pages = {130--141}
},

@misc{argosSite1,
  title = {Swarm Intelligence Course ({INFO-H-414)}},
  url = {http://iridia.ulb.ac.be/~cpinciroli/extra/h-414/},
  urldate = {2013-12-08},
  journal = {Swarm Robotics},
  author = {Pinciro, Carlo}
}

@article{swarmMini,
        author={Sharkey,Amanda J. C.},
        year={2007},
        title={Swarm robotics and minimalism},
        journal={Connection Science},
        volume={19},
        number={3},
        pages={245-260},
        keywords={Artificial intelligence; Minimalism; Social insects; Stigmergy; Swarm robotics; Taxonomy; Studies; Swarm intelligence; Self-organization; Robots},
        isbn={0954-0091, 1360-0494},
        language={English},
}
